<?xml version="1.0" encoding="UTF-8"?>
<collection xmlns:xsi="http://www.w3.org/2001/XMLSchema-instance" xmlns="http://www.loc.gov/MARC21/slim"
            xsi:schemaLocation="http://www.loc.gov/MARC21/slim http://www.loc.gov/standards/marcxml/schema/MARC21slim.xsd">
    <record>
        <leader>00861nas a22002771a 4500</leader>
        <controlfield tag="001">000066200</controlfield>
        <controlfield tag="003">MiAaHDL</controlfield>
        <controlfield tag="005">20210817000000.0</controlfield>
        <controlfield tag="006">m d</controlfield>
        <controlfield tag="007">cr bn ---auaua</controlfield>
        <controlfield tag="008">880715d19851985enkmr p 0uuua0eng d</controlfield>
        <datafield tag="010" ind1=" " ind2=" ">
            <subfield code="a">sn 86021889</subfield>
        </datafield>
        <datafield tag="035" ind1=" " ind2=" ">
            <subfield code="a">(MiU)990000662000106381</subfield>
        </datafield>
        <datafield tag="035" ind1=" " ind2=" ">
            <subfield code="a">sdr-miu.990000662000106381</subfield>
        </datafield>
        <datafield tag="035" ind1=" " ind2=" ">
            <subfield code="a">sdr-inu2175373</subfield>
        </datafield>
        <datafield tag="035" ind1=" " ind2=" ">
            <subfield code="a">(OCoLC)13453550</subfield>
        </datafield>
        <datafield tag="035" ind1=" " ind2=" ">
            <subfield code="a">(CaOTULAS)159949347</subfield>
        </datafield>
        <datafield tag="035" ind1=" " ind2=" ">
            <subfield code="a">(RLIN)MIUG86-S2225</subfield>
        </datafield>
        <datafield tag="035" ind1=" " ind2=" ">
            <subfield code="z">(MiU)Aleph000066200</subfield>
        </datafield>
        <datafield tag="040" ind1=" " ind2=" ">
            <subfield code="a">MH</subfield>
            <subfield code="c">MH</subfield>
            <subfield code="d">MH</subfield>
            <subfield code="d">MiU</subfield>
        </datafield>
        <datafield tag="042" ind1=" " ind2=" ">
            <subfield code="a">lcd</subfield>
        </datafield>
        <datafield tag="043" ind1=" " ind2=" ">
            <subfield code="a">e-pl---</subfield>
        </datafield>
        <datafield tag="245" ind1="0" ind2="0">
            <subfield code="a">Poland one magazine.</subfield>
        </datafield>
        <datafield tag="246" ind1="1" ind2="7">
            <subfield code="a">Poland one</subfield>
        </datafield>
        <datafield tag="260" ind1=" " ind2=" ">
            <subfield code="a">London :</subfield>
            <subfield code="b">Polish Cultural Foundation,</subfield>
            <subfield code="c">1985.</subfield>
        </datafield>
        <datafield tag="300" ind1=" " ind2=" ">
            <subfield code="a">1 v. :</subfield>
            <subfield code="b">ill. ;</subfield>
            <subfield code="c">30 cm.</subfield>
        </datafield>
        <datafield tag="362" ind1="0" ind2=" ">
            <subfield code="a">Vol. 1, no. 9 (Feb. 1985)-v. 1, no. 12 (May 1985).</subfield>
        </datafield>
        <datafield tag="500" ind1=" " ind2=" ">
            <subfield code="a">Title from cover.</subfield>
        </datafield>
        <datafield tag="538" ind1=" " ind2=" ">
            <subfield code="a">Mode of access: Internet.</subfield>
        </datafield>
        <datafield tag="651" ind1=" " ind2="0">
            <subfield code="a">Poland</subfield>
            <subfield code="x">Periodicals.</subfield>
        </datafield>
        <datafield tag="710" ind1="2" ind2=" ">
            <subfield code="a">Polish Cultural Foundation (London, England)</subfield>
        </datafield>
        <datafield tag="780" ind1="0" ind2="0">
            <subfield code="t">Poland one</subfield>
            <subfield code="x">0266-1993</subfield>
            <subfield code="w">(DLC)sn 86021892</subfield>
        </datafield>
        <datafield tag="CID" ind1=" " ind2=" ">
            <subfield code="a">000066200</subfield>
        </datafield>
        <datafield tag="DAT" ind1="0" ind2=" ">
            <subfield code="a">19950609000000.0</subfield>
            <subfield code="b">20210817000000.0</subfield>
        </datafield>
        <datafield tag="DAT" ind1="1" ind2=" ">
            <subfield code="a">20210921060726.0</subfield>
            <subfield code="b">2021-11-13T18:34:01Z</subfield>
        </datafield>
        <datafield tag="CAT" ind1=" " ind2=" ">
            <subfield code="a">SDR-MIU</subfield>
            <subfield code="d">ALMA</subfield>
            <subfield code="l">prepare.pl-004-008</subfield>
        </datafield>
        <datafield tag="FMT" ind1=" " ind2=" ">
            <subfield code="a">SE</subfield>
        </datafield>
        <datafield tag="HOL" ind1=" " ind2=" ">
            <subfield code="0">sdr-miu.990000662000106381</subfield>
            <subfield code="a">MiU</subfield>
            <subfield code="b">SDR</subfield>
            <subfield code="c">MIU</subfield>
            <subfield code="p">mdp.39015061418433</subfield>
            <subfield code="s">MIU</subfield>
            <subfield code="z">v.1 no.8-12</subfield>
            <subfield code="1">990000662000106381</subfield>
        </datafield>
        <datafield tag="974" ind1=" " ind2=" ">
            <subfield code="b">MIU</subfield>
            <subfield code="c">MIU</subfield>
            <subfield code="d">20211113</subfield>
            <subfield code="s">google</subfield>
            <subfield code="u">mdp.39015061418433</subfield>
            <subfield code="z">v.1 no.8-12</subfield>
            <subfield code="y">1985</subfield>
            <subfield code="r">und</subfield>
            <subfield code="q">bib</subfield>
            <subfield code="t">non-US bib date1 &gt;= 1928</subfield>
        </datafield>
        <datafield tag="974" ind1=" " ind2=" ">
            <subfield code="b">INU</subfield>
            <subfield code="c">INU</subfield>
            <subfield code="d">20220315</subfield>
            <subfield code="s">google</subfield>
            <subfield code="u">inu.30000108625017</subfield>
            <subfield code="z">v.1,no.9-12 1985</subfield>
            <subfield code="y">1985</subfield>
            <subfield code="r">ic</subfield>
            <subfield code="q">bib</subfield>
            <subfield code="t">non-US serial item date &gt;= 1928</subfield>
        </datafield>
    </record>
</collection>